<?xml version="1.0" encoding="UTF-8"?><collection xmlns="http://www.loc.gov/MARC21/slim"><record><leader>00551nam--2200205-u-4500</leader><controlfield tag="001">000053110</controlfield><controlfield tag="002">20161230</controlfield><controlfield tag="005">20161230201050</controlfield><controlfield tag="008">110105s1000------------r-----000-0-eng-d</controlfield><datafield ind1=" " ind2=" " tag="020"><subfield code="a">9810210000</subfield></datafield><datafield ind1=" " ind2=" " tag="040"><subfield code="a">IFIN-HH</subfield></datafield><datafield ind1=" " ind2=" " tag="080"><subfield code="a">539.12:539.14</subfield></datafield><datafield ind1="1" ind2=" " tag="100"><subfield code="a">Nowak, Maciej A</subfield></datafield><datafield ind1="1" ind2="0" tag="245"><subfield code="a">Chiral nuclear dynamics</subfield><subfield code="c">Maciej a. nowak; mannque rho; ismail zahed</subfield></datafield><datafield ind1=" " ind2=" " tag="260"><subfield code="a">Singapore</subfield><subfield code="b">World Scientific</subfield><subfield code="c">1996</subfield></datafield><datafield ind1=" " ind2=" " tag="300"><subfield code="a">528P</subfield></datafield><datafield ind1=" " ind2="4" tag="650"><subfield code="a">Quantum Chromodynamics</subfield></datafield><datafield ind1="1" ind2=" " tag="700"><subfield code="a">Zahed, Ismail</subfield></datafield><datafield ind1=" " ind2=" " tag="852"><subfield code="a">81894</subfield><subfield code="c">539</subfield></datafield><datafield ind1=" " ind2=" " tag="CAT"><subfield code="a">Sys</subfield><subfield code="c">20110105</subfield><subfield code="h">154602</subfield></datafield></record></collection>